@article{ShiZhou1,
author = {Zhou, Shi and Mondrag√≥n, R},
year = {2007},
month = {06},
pages = {173},
title = {Structural constraints in complex networks},
volume = {9},
journal = {New Journal of Physics},
doi = {10.1088/1367-2630/9/6/173}
}

